@book{Lar,
	author={Harold~J.~Larson},
	title={Introducci\'on a la Teoria de las Probabilidades e Inferencia
	Estad\'{\i}stica},
	publisher={Limusa},
	year={1990}
	}
@book{AlMi,
	author={R.~Alberich and A.~Mir},
	title={Introducci\'o a l'Estad\'{\i}stica Descriptiva},
	publisher={Publicacions U.I.B.},
	year={1996}
	}
@book{Ba,
	author={Joan~Bar\'o~Llin\`as},
	title={Estad\'{\i}stica Descriptiva},
	publisher={Parram\'on},
	year={1988}
	}
@book{Ca,
	author={George~C.~Canavos},
	title={Probabilidad y Estad\'{\i}stica. Aplicaciones y M\'etodos.},
	publisher={McGraw-Hill},
	year={1992}
	}
@book{Me,
	author={Paul~L.~Meyer},
	title={Probabilidad y Aplicaciones Estad\'{\i}stica},
	publisher={Addison-Wesley Iberoamericana},
	year={1992}
	}

@book{MoRu,
	author = {Douglas~C.~Montgomery and George~C.~Runger},
	title = {Probabilidad y Estad\'{\i}stica aplicadas a la Ingenier\'{\i}a},
	publisher={McGraw-Hill},
	year={1996}
	}
@book{Sa,
	author= {Marta Sanz i Sol\'e},
	title = {Lli\c{c}ons de C\`alcul de Probabilitats},
	publisher = {Publicacions Universitat de Barcelona},
	year = {1994}
	}
@book{Le,
	author = {A.~Leon-Garcia},
	title = {Probability and Random Processes for Electrical Engineering},
	publisher = {Addison-Wesley},
	year = {1994}
	}
@book{GriSti,
	author = {G.~Grimmett and D.~Stirzaker},
	title = {Probability and Random Processes},
	publisher = {Oxford Science Publications},
	year = {1988}
	}
@book{QueIsiLo,
	author = {V.~Quesada and A.~Isidoro and {L.A.}~L\'opez},
	title = {Curso y Ejercicios de Estad\'{\i}stica},
	publisher = {Alhambra Universidad},
	year = {1990}
	}
