@book{Lar,
	author={Harold~J.~Larson},
	title={Introducci\'on a la Teoria de las Probabilidades e Inferencia
	Estad\'{\i}stica},
	publisher={Limusa},
	year={1990}
	}
@book{NeWaWi,
	author={John~Neter and William~Wassermann and G.~A.~Whithmore},
	title={Applied Statistics},
	publisher={Allyn and Bacon, Inc.},
	year={1988},
	edition={third}
	}
@book{Ca,
	author={George~C.~Canavos},
	title={Probabilidad y Estad\'{\i}stica. Aplicaciones y M\'etodos.},
	publisher={McGraw-Hill},
	year={1992}
	}
@book{WaMy,
	author={R.~E.~Walpole and R.~H.~Myers},
	title={Probabilidad y Estad\'{\i}stica},
	publisher={McGraw-Hill},
	year={1991}
	}
@book{Am,
	author={Jes\'us Amon},
	title={Estad\'{\i}stica para psic\'ologos},
	publisher={Pir\`amide},
	year={1992},
	volume={2},
	edition={14}
	}

@book{MoRu,
	author = {Douglas~C.~Montgomery and George~C.~Runger},
	title = {Probabilidad y Estad\'{\i}stica aplicadas a la Ingenier\'{\i}a},
	publisher={McGraw-Hill},
	year={1996}
	}
